
@MISC{coq,
      AUTHOR = "INRIA",
      TITLE = "The Coq proof assistant",
      HOWPUBLISH = "\url{http://coq.inria.fr/}"
}

