@inproceedings{reflection,
 author = {Boutin, Samuel},
 title = {Using Reflection to Build Efficient and Certified Decision Procedures},
 booktitle = {Proceedings of the Third International Symposium on Theoretical Aspects of Computer Software},
 series = {TACS '97},
 year = {1997},
 isbn = {3-540-63388-X},
 pages = {515--529},
 numpages = {15},
 url = {http://dl.acm.org/citation.cfm?id=645869.668533},
 acmid = {668533},
 publisher = {Springer-Verlag},
 address = {London, UK},
}

@inproceedings{adhoc,
 author = {Gonthier, Georges and Ziliani, Beta and Nanevski, Aleksandar and Dreyer, Derek},
 title = {How to make ad hoc proof automation less ad hoc},
 booktitle = {Proceeding of the 16th ACM SIGPLAN international conference on Functional programming},
 series = {ICFP '11},
 year = {2011},
 isbn = {978-1-4503-0865-6},
 location = {Tokyo, Japan},
 pages = {163--175},
 numpages = {13},
 url = {http://doi.acm.org/10.1145/2034773.2034798},
 doi = {http://doi.acm.org/10.1145/2034773.2034798},
 acmid = {2034798},
 publisher = {ACM},
 address = {New York, NY, USA},
 keywords = {canonical structures, coq, custom proof automation, hoare type theory, interactive theorem proving, tactics, type classes},
}
