@Book{L:BC04,
author = "Bertot, Yves and Cast\'eran, Pierre",
title = "Interactive Theorem Proving and Program Development. Coq'Art: The Calculus of Inductive Constructions",
series = "Texts in Theoretical Computer Science",
year = "2004",
publisher = "Springer Verlag",
url = "http://www.labri.fr/publications/l3a/2004/BC04"
}

@inproceedings{Gonthier07,
author    = {Georges Gonthier},
title     = {The Four Colour Theorem: Engineering of a Formal Proof},
booktitle = {ASCM},
year      = {2007},
pages     = {333},
ee        = {http://dx.doi.org/10.1007/978-3-540-87827-8_28},
crossref  = {DBLP:conf/ascm/2007},
bibsource = {DBLP, http://dblp.uni-trier.de}
}
