@Book\{coqart,
  author       = "Bertot, Yves and Cast\'eran, Pierre",
  title        = "Interactive Theorem Proving and Program Development. Coq'Art: The Calculus of Inductive Constructions",
  series       = "Texts in Theoretical Computer Science",
  year         = "2004",
  publisher    = "Springer Verlag",
  url          = "http://www.labri.fr/publications/l3a/2004/BC04"
}

@article{casteranepsilon,
  author = {Cast\'eran, Pierre},
  title = {Utilisation en Coq de lâ€™op\'erateur de description},
  journal = {Journ\'ees Francophones des Langages Applicatifs},
  year = 2007,
  url = {http://webloria.loria.fr/~moreau/jfla2007/PDF/03_casteran.pdf},
}
@inproceedings{Herbelin10,
  author      = {Hugo Herbelin},
  title       = {An intuitionistic logic that proves {M}arkov's principle},
  booktitle   = {Proceedings of the 25th Annual IEEE Symposium on Logic in
                 Computer Science, LICS 2010, 11-14 July 2010, Edinburgh,
                 United Kingdom},
  pages       = {50-56},
  publisher   = {IEEE Computer Society},
  year        = {2010},
  isbn        = {978-0-7695-4114-3},
}
